<?xml version="1.0" encoding="UTF-8"?>
<record>
  <leader>01099cam a2200373 c 4500</leader>
  <controlfield tag="003">DE-605</controlfield>
  <controlfield tag="005">20251029154434.0</controlfield>
  <controlfield tag="007">tu</controlfield>
  <controlfield tag="008">251029s1976    xx |||||      00| | ger c</controlfield>
  <controlfield tag="001">99376189217406441</controlfield>
  <datafield tag="015" ind1=" " ind2=" ">
    <subfield code="a">80,A22,0584</subfield>
    <subfield code="2">dnb</subfield>
  </datafield>
  <datafield tag="016" ind1="7" ind2=" ">
    <subfield code="a">80A22,650</subfield>
    <subfield code="2">DE-101</subfield>
  </datafield>
  <datafield tag="016" ind1="7" ind2=" ">
    <subfield code="a">633552607</subfield>
    <subfield code="2">(OCoLC)</subfield>
  </datafield>
  <datafield tag="020" ind1=" " ind2=" ">
    <subfield code="a">3876278201</subfield>
    <subfield code="9">3-87627-820-1</subfield>
  </datafield>
  <datafield tag="035" ind1=" " ind2=" ">
    <subfield code="a">(DE-605)HT031300603</subfield>
  </datafield>
  <datafield tag="040" ind1=" " ind2=" ">
    <subfield code="a">DE-361</subfield>
    <subfield code="b">ger</subfield>
    <subfield code="c">DE-361</subfield>
    <subfield code="d">DE-361</subfield>
    <subfield code="e">rakwb</subfield>
  </datafield>
  <datafield tag="041" ind1=" " ind2=" ">
    <subfield code="a">ger</subfield>
  </datafield>
  <datafield tag="084" ind1=" " ind2=" ">
    <subfield code="a">BU 4700</subfield>
    <subfield code="2">rvk</subfield>
  </datafield>
  <datafield tag="100" ind1="1" ind2=" ">
    <subfield code="a">Sugita, Yutaka</subfield>
    <subfield code="d">1930-2017</subfield>
    <subfield code="0">(DE-588)1089464398</subfield>
    <subfield code="4">aut</subfield>
    <subfield code="0">https://d-nb.info/gnd/1089464398</subfield>
    <subfield code="0">http://viaf.org/viaf/109098145</subfield>
    <subfield code="B">GND-1089464398</subfield>
  </datafield>
  <datafield tag="245" ind1="1" ind2="0">
    <subfield code="a">&lt;&lt;Ein&gt;&gt; Weihnachtsmärchen</subfield>
    <subfield code="c">Bilder von Yutaka Sugita. Text von Kurt Baumann</subfield>
  </datafield>
  <datafield tag="250" ind1=" " ind2=" ">
    <subfield code="a">2. Aufl.</subfield>
  </datafield>
  <datafield tag="263" ind1=" " ind2=" ">
    <subfield code="a">Pp. : DM 17.80</subfield>
  </datafield>
  <datafield tag="264" ind1=" " ind2="1">
    <subfield code="a">Hanau</subfield>
    <subfield code="b">Peters</subfield>
    <subfield code="c">1976</subfield>
  </datafield>
  <datafield tag="300" ind1=" " ind2=" ">
    <subfield code="a">[24] S.</subfield>
    <subfield code="b">überwiegend Ill. (farb.)</subfield>
  </datafield>
  <datafield tag="336" ind1=" " ind2=" ">
    <subfield code="b">txt</subfield>
  </datafield>
  <datafield tag="337" ind1=" " ind2=" ">
    <subfield code="b">n</subfield>
  </datafield>
  <datafield tag="338" ind1=" " ind2=" ">
    <subfield code="b">nc</subfield>
  </datafield>
  <datafield tag="490" ind1="0" ind2=" ">
    <subfield code="a">Peters-Bilderbücher</subfield>
  </datafield>
  <datafield tag="035" ind1=" " ind2=" ">
    <subfield code="a">(DE-627)1606770683</subfield>
  </datafield>
  <datafield tag="035" ind1=" " ind2=" ">
    <subfield code="a">(DE-576)081473591</subfield>
  </datafield>
  <datafield tag="035" ind1=" " ind2=" ">
    <subfield code="a">(DE-599)BSZ081473591</subfield>
  </datafield>
  <datafield tag="035" ind1=" " ind2=" ">
    <subfield code="a">(OCoLC)633552607</subfield>
  </datafield>
  <datafield tag="960" ind1="1" ind2=" ">
    <subfield code="b">Mindestkatalogisat</subfield>
  </datafield>
  <datafield tag="700" ind1="1" ind2=" ">
    <subfield code="a">Baumann, Kurt</subfield>
    <subfield code="d">1935-1988</subfield>
    <subfield code="0">(DE-588)133058425</subfield>
    <subfield code="4">oth</subfield>
    <subfield code="0">https://d-nb.info/gnd/133058425</subfield>
    <subfield code="0">http://viaf.org/viaf/118530270</subfield>
    <subfield code="B">GND-133058425</subfield>
  </datafield>
  <datafield tag="MBD" ind1=" " ind2=" ">
    <subfield code="M">49HBZ_NETWORK</subfield>
    <subfield code="i">99376189217406441</subfield>
    <subfield code="n">HBZ Network</subfield>
  </datafield>
  <datafield tag="MBD" ind1=" " ind2=" ">
    <subfield code="M">49HBZ_BIE</subfield>
    <subfield code="i">991026241034706442</subfield>
    <subfield code="n">Universität Bielefeld</subfield>
  </datafield>
  <datafield tag="MNG" ind1=" " ind2=" ">
    <subfield code="c">System</subfield>
    <subfield code="f">K10PLUS NZ</subfield>
    <subfield code="i">marc21</subfield>
    <subfield code="l">74</subfield>
    <subfield code="k">01</subfield>
    <subfield code="e">false</subfield>
    <subfield code="d">2026-02-05 19:54:39 Europe/Berlin</subfield>
    <subfield code="g">99376189217406441</subfield>
    <subfield code="j">50</subfield>
    <subfield code="a">mklawunde######49HBZ_BIE</subfield>
    <subfield code="b">2025-10-29 15:44:34 Europe/Berlin</subfield>
  </datafield>
  <datafield tag="H52" ind1="8" ind2=" ">
    <subfield code="b">UB_BI</subfield>
    <subfield code="c">156_Mono</subfield>
    <subfield code="h">ON715.60 S947W(2)</subfield>
    <subfield code="8">22388544840006442</subfield>
  </datafield>
  <datafield tag="HOL" ind1=" " ind2=" ">
    <subfield code="d">2025-10-29 14:48:07</subfield>
    <subfield code="8">22388544840006442</subfield>
    <subfield code="b">2025-10-29 14:48:05</subfield>
    <subfield code="M">49HBZ_BIE</subfield>
    <subfield code="g">false</subfield>
    <subfield code="a">mklawunde</subfield>
    <subfield code="c">mklawunde</subfield>
  </datafield>
  <datafield tag="ITM" ind1=" " ind2=" ">
    <subfield code="H">22388544840006442</subfield>
    <subfield code="x">156_Mono</subfield>
    <subfield code="f">BOOK</subfield>
    <subfield code="v">156_Mono</subfield>
    <subfield code="p">item_00</subfield>
    <subfield code="X">heuer</subfield>
    <subfield code="U">2025-10-29 15:48:20 Europe/Berlin</subfield>
    <subfield code="Y">2025-11-05 15:27:14 Europe/Berlin</subfield>
    <subfield code="h">false</subfield>
    <subfield code="M">49HBZ_BIE</subfield>
    <subfield code="s">1</subfield>
    <subfield code="d">8</subfield>
    <subfield code="V">mklawunde</subfield>
    <subfield code="b">UBBI-00133326</subfield>
    <subfield code="a">23388544820006442</subfield>
    <subfield code="c">ON715.60 S947W(2)</subfield>
    <subfield code="B">G25</subfield>
    <subfield code="W">2025-10-29 15:48:20 Europe/Berlin</subfield>
    <subfield code="u">UB_BI</subfield>
    <subfield code="w">UB_BI</subfield>
  </datafield>
  <datafield tag="GSI" ind1="7" ind2=" ">
    <subfield code="a">1089464398</subfield>
    <subfield code="0">http://d-nb.info/gnd/1089464398</subfield>
    <subfield code="2">gnd</subfield>
    <subfield code="A">GND</subfield>
    <subfield code="B">GND-1089464398</subfield>
    <subfield code="C">024</subfield>
  </datafield>
  <datafield tag="GSI" ind1="7" ind2=" ">
    <subfield code="a">133058425</subfield>
    <subfield code="0">http://d-nb.info/gnd/133058425</subfield>
    <subfield code="2">gnd</subfield>
    <subfield code="A">GND</subfield>
    <subfield code="B">GND-133058425</subfield>
    <subfield code="C">024</subfield>
  </datafield>
</record>
